<?xml version="1.0" encoding="UTF-8"?><collection xmlns="http://www.loc.gov/MARC21/slim"><record><leader>00467nam--2200169-i-4500</leader><controlfield tag="001">000019147</controlfield><controlfield tag="002">20161230</controlfield><controlfield tag="005">20161230201033</controlfield><controlfield tag="008">060222s1000------------r-----000-0-eng-d</controlfield><datafield ind1=" " ind2=" " tag="040"><subfield code="a">IFIN-HH</subfield></datafield><datafield ind1=" " ind2=" " tag="080"><subfield code="a">53:62:519.3</subfield></datafield><datafield ind1="1" ind2=" " tag="100"><subfield code="a">Forray, Marvin J</subfield></datafield><datafield ind1="1" ind2="0" tag="245"><subfield code="a">Variational calculus in science and engineering</subfield><subfield code="c">Marvin j. forray</subfield></datafield><datafield ind1=" " ind2=" " tag="260"><subfield code="a">New York</subfield><subfield code="b">Mcgraw-hill Book Company</subfield><subfield code="c">1968</subfield></datafield><datafield ind1=" " ind2=" " tag="300"><subfield code="a">XI + 221 P</subfield></datafield><datafield ind1=" " ind2=" " tag="852"><subfield code="a">32817</subfield><subfield code="c">519.3</subfield></datafield><datafield ind1=" " ind2=" " tag="CAT"><subfield code="a">Sys</subfield><subfield code="c">20130808</subfield><subfield code="h">160846</subfield></datafield></record></collection>